@book{Cormen,
  author       = {Cormen, Thomas H. and Leiserson, Charles E. and Rivest, Ronald L. and Stein, Clifford},
  edition      = {2nd},
  howpublished = {Paperback},
  publisher    = {The MIT Press},
  title        = {Introduction to Algorithms},
  year         = {2001}
}
@misc{Wikipedia,
  author       = {Wikipedia, The Free Encyclopedia},
  title        = {Huffman coding},
  howpublished = {\url{http://en.wikipedia.org/wiki/Huffman_coding}},
  month        = {Junho},
  year         = {2013}
}
@misc{WikipediaPT,
  author       = {Wikip\'{e}dia, A enciclop\'{e}dia livre},
  title        = {Codifica\c{c}\~{a}o de Huffman},
  howpublished = {\url{http://pt.wikipedia.org/wiki/Codifica%C3%A7%C3%A3o_de_Huffman}},
  month        = {Junho},
  year         = {2013}
}
