@book{Lockhart,
  title     = {Network Security Hacks},
  author    = {Andrew Lockhart},
  publisher = {O'Reilly},
  address   = {Sebastopol, CA},
  year      = {2006},
  edition   = {2nd}
}
@book{Kurose,
  author    = {James F. Kurose and Keith Ross},
  title     = {Computer Networking: A Top-Down Approach Featuring the Internet},
  year      = {2002},
  edition   = {2nd},
  publisher = {Addison-Wesley Longman Publishing Co., Inc.},
  address   = {Boston, MA, USA}
}

@misc{RFC,
  author       = {David C. Plummer},
  title        = {An Ethernet Address Resolution Protocol or Converting Network Protocol Addresses to 48.bit Ethernet Address for Transmission on Ethernet Hardware},
  howpublished = {\url{http://tools.ietf.org/html/rfc826}},
  month        = {November},
  year         = {1982}
}

