@inproceedings{Mareli2013,
  author    = {Douglas Mareli and Matheus Erthal and David Barreto and Orlando Loques},
  title     = {Um \emph{Framework} de Desenvolvimento de Aplica\c{c}\~{o}es Ub\'{i}quas em Ambientes Inteligentes},
  booktitle = {XXXI Simp\'{o}sio Brasileiro de Redes de Computadores e Sistemas Distribu\'{i}dos (SBRC)},
  publisher = {SBRC},
  year      = {2013},
  pages     = {643--656}
}
