@book{filesystemanalysis,
  author       = {Brian Carrier},
  publisher    = {Addison Wesley Professional},
  title        = {File System Forensic Analysis},
  year         = {2005}
}
@misc{chapter17,
  author       = {TechNet},
  title        = {Chapter 17 - Disk and File System Basics},
  howpublished = {\url{http://technet.microsoft.com/en-us/library/cc750198.aspx}},
  month        = {Junho},
  year         = {2013},
  day          = {27}
}
@misc{examining,
  author       = {Jerry Breecher},
  title        = {The FAT File System},
  howpublished = {\url{http://web.cs.wpi.edu/~jb/CS502/samples/ExaminingTheFatFileSystem.ppt}},
  month        = {November},
  year         = {2008}
}
@misc{fatgen103,
  author       = {Microsoft, Corp.},
  title        = {Microsoft Extensible Firmware Initiative: FAT32 File System Specification},
  month        = {December},
  year         = {2000},
  day          = {6}
}
@misc{Wikipedia,
  author       = {Wikip\'{e}dia, A enciclop\'{e}dia livre},
  title        = {FAT32},
  howpublished = {\url{http://pt.wikipedia.org/wiki/FAT32}},
  month        = {Junho},
  year         = {2013},
  day          = {27}
}
@misc{and0006,
  author       = {Parallax, Semiconductor},
  title        = {FAT16/FAT32 Full File System Driver},
  year         = {2011}
}
